<?xml version="1.0" encoding="UTF-8"?><collection xmlns="http://www.loc.gov/MARC21/slim"><record><leader>00405nam--2200145-i-4500</leader><controlfield tag="001">000003434</controlfield><controlfield tag="002">20161230</controlfield><controlfield tag="005">20161230201025</controlfield><controlfield tag="008">060222s1000------------r-----000-0-eng-d</controlfield><datafield ind1=" " ind2=" " tag="080"><subfield code="a">53.08</subfield></datafield><datafield ind1=" " ind2=" " tag="100"><subfield code="a">Budeanu, C</subfield></datafield><datafield ind1=" " ind2=" " tag="245"><subfield code="a">Sistemul practic general de marimi si unitati. teorie si aplicare</subfield></datafield><datafield ind1=" " ind2=" " tag="260"><subfield code="a">Bucuresti, Edit.Acad.R.P.R., 1956. 138 P. + Erata</subfield></datafield><datafield ind1=" " ind2=" " tag="490"><subfield code="a">Monografii De Tehnica</subfield></datafield><datafield ind1=" " ind2=" " tag="852"><subfield code="a">4306</subfield></datafield></record></collection>